%% This BibTeX bibliography file was created using BibDesk.
%% http://bibdesk.sourceforge.net/


%% Created for Aggelos Kiayias at 2019-06-30 13:21:04 +0100 


%% Saved with string encoding Unicode (UTF-8) 



@inproceedings{DBLP:conf/eurocrypt/AlwenCPRT17,
	Author = {Jo{\"{e}}l Alwen and Binyi Chen and Krzysztof Pietrzak and Leonid Reyzin and Stefano Tessaro},
	Bibsource = {dblp computer science bibliography, https://dblp.org},
	Biburl = {https://dblp.org/rec/bib/conf/eurocrypt/AlwenCPRT17},
	Booktitle = {Advances in Cryptology - {EUROCRYPT} 2017 - 36th Annual International Conference on the Theory and Applications of Cryptographic Techniques, Paris, France, April 30 - May 4, 2017, Proceedings, Part {III}},
	Crossref = {DBLP:conf/eurocrypt/2017-3},
	Date-Added = {2019-06-30 13:21:02 +0100},
	Date-Modified = {2019-06-30 13:21:02 +0100},
	Doi = {10.1007/978-3-319-56617-7\_2},
	Pages = {33--62},
	Timestamp = {Tue, 14 May 2019 10:00:54 +0200},
	Title = {Scrypt Is Maximally Memory-Hard},
	Url = {https://doi.org/10.1007/978-3-319-56617-7\_2},
	Year = {2017},
	Bdsk-Url-1 = {https://doi.org/10.1007/978-3-319-56617-7%5C_2}}

@proceedings{DBLP:conf/eurocrypt/2017-3,
	Bibsource = {dblp computer science bibliography, https://dblp.org},
	Biburl = {https://dblp.org/rec/bib/conf/eurocrypt/2017-3},
	Date-Added = {2019-06-30 13:21:02 +0100},
	Date-Modified = {2019-06-30 13:21:02 +0100},
	Doi = {10.1007/978-3-319-56617-7},
	Editor = {Jean{-}S{\'{e}}bastien Coron and Jesper Buus Nielsen},
	Isbn = {978-3-319-56616-0},
	Series = {Lecture Notes in Computer Science},
	Timestamp = {Tue, 14 May 2019 10:00:54 +0200},
	Title = {Advances in Cryptology - {EUROCRYPT} 2017 - 36th Annual International Conference on the Theory and Applications of Cryptographic Techniques, Paris, France, April 30 - May 4, 2017, Proceedings, Part {III}},
	Url = {https://doi.org/10.1007/978-3-319-56617-7},
	Volume = {10212},
	Year = {2017},
	Bdsk-Url-1 = {https://doi.org/10.1007/978-3-319-56617-7}}

@misc{praosUCmanuscript,
	Author = {Christian Badertscher and Peter Ga{\v z}i and Aggelos Kiayias and Alexander Russell and Vassilis Zikas},
	Howpublished = {Manuscript},
	Title = {Composable Proof-of-Stake Blockchains with Dynamic Availability},
	Year = 2018}

@misc{praos,
	Author = {Bernardo David and Peter Ga{\v z}i and Aggelos Kiayias and Alexander Russell},
	Howpublished = {Cryptology ePrint Archive, Report 2017/573},
	Note = {\url{http://eprint.iacr.org/2017/573}. To appear at EUROCRYPT 2018.},
	Title = {Ouroboros Praos: An adaptively-secure, semi-synchronous proof-of-stake protocol},
	Year = 2017}

@inproceedings{DBLP:conf/ccs/LuuNZBGS16,
	Author = {Loi Luu and Viswesh Narayanan and Chaodong Zheng and Kunal Baweja and Seth Gilbert and Prateek Saxena},
	Bibsource = {dblp computer science bibliography, http://dblp.org},
	Biburl = {http://dblp.org/rec/bib/conf/ccs/LuuNZBGS16},
	Booktitle = {Proceedings of the 2016 {ACM} {SIGSAC} Conference on Computer and Communications Security, Vienna, Austria, October 24-28, 2016},
	Crossref = {DBLP:conf/ccs/2016},
	Date-Added = {2018-02-13 12:02:30 +0000},
	Date-Modified = {2018-02-13 12:02:30 +0000},
	Doi = {10.1145/2976749.2978389},
	Pages = {17--30},
	Timestamp = {Mon, 24 Oct 2016 18:57:12 +0200},
	Title = {A Secure Sharding Protocol For Open Blockchains},
	Url = {http://doi.acm.org/10.1145/2976749.2978389},
	Year = {2016},
	Bdsk-Url-1 = {http://doi.acm.org/10.1145/2976749.2978389},
	Bdsk-Url-2 = {https://dx.doi.org/10.1145/2976749.2978389}}

@proceedings{DBLP:conf/ccs/2016,
	Bibsource = {dblp computer science bibliography, http://dblp.org},
	Biburl = {http://dblp.org/rec/bib/conf/ccs/2016},
	Date-Added = {2018-02-13 12:02:30 +0000},
	Date-Modified = {2018-02-13 12:02:30 +0000},
	Editor = {Edgar R. Weippl and Stefan Katzenbeisser and Christopher Kruegel and Andrew C. Myers and Shai Halevi},
	Isbn = {978-1-4503-4139-4},
	Publisher = {{ACM}},
	Timestamp = {Mon, 24 Oct 2016 15:38:42 +0200},
	Title = {Proceedings of the 2016 {ACM} {SIGSAC} Conference on Computer and Communications Security, Vienna, Austria, October 24-28, 2016},
	Url = {http://dl.acm.org/citation.cfm?id=2976749},
	Year = {2016},
	Bdsk-Url-1 = {http://dl.acm.org/citation.cfm?id=2976749}}

@misc{lerner,
	Author = {Sergio Demian Lerner},
	Title = {Drivechains, Sidechains and Hybrid 2-Way Peg Designs},
	Year = {2016}}

@misc{drivechains,
	Author = {Paul Sztorc},
	Note = {\url{http://www.truthcoin.info/blog/drivechain/}},
	Title = {Drivechain - The Simple Two Way Peg},
	Year = {November 2015}}

@article{sidechains,
	Author = {Back, Adam and Corallo, Matt and Dashjr, Luke and Friedenbach, Mark and Maxwell, Gregory and Miller, Andrew and Poelstra, Andrew and Tim{\'o}n, Jorge and Wuille, Pieter},
	Note = {\url{http://www. opensciencereview. com/papers/123/enablingblockchain-innovations-with-pegged-sidechains}},
	Title = {Enabling blockchain innovations with pegged sidechains},
	Year = {2014}}

@inproceedings{velvet,
	Author = {Zamyatin, Alexei and Stifter, Nicholas and Judmayer, Aljosha and Schindler, Philipp and Weippl, Edgar and Knottenbelt, William and Zamyatin, Alexei},
	Booktitle = {International Conference on Financial Cryptography and Data Security},
	Organization = {Springer},
	Title = {A Wild Velvet Fork Appears! Inclusive Blockchain Protocol Changes in Practice},
	Year = {2018}}

@misc{nipopows,
	Author = {Kiayias, Aggelos and Miller, Andrew and Zindros, Dionysis},
	Title = {Non-interactive proofs of proof-of-work},
	Year = {2017}}

@article{wood,
	Author = {Wood, Gavin},
	Journal = {Ethereum Project Yellow Paper},
	Pages = {1--32},
	Title = {Ethereum: A secure decentralised generalised transaction ledger},
	Volume = {151},
	Year = {2014}}

@article{algorand,
	Author = {Silvio Micali},
	Bibsource = {dblp computer science bibliography, http://dblp.org},
	Biburl = {http://dblp.uni-trier.de/rec/bib/journals/corr/Micali16},
	Journal = {CoRR},
	Timestamp = {Tue, 02 Aug 2016 12:59:27 +0200},
	Title = {{ALGORAND:} The Efficient and Democratic Ledger},
	Url = {http://arxiv.org/abs/1607.01341},
	Volume = {abs/1607.01341},
	Year = {2016},
	Bdsk-Url-1 = {http://arxiv.org/abs/1607.01341}}

@inproceedings{miller2014authenticated,
	Author = {Miller, Andrew and Hicks, Michael and Katz, Jonathan and Shi, Elaine},
	Booktitle = {ACM SIGPLAN Notices},
	Number = {1},
	Organization = {ACM},
	Pages = {411--423},
	Title = {Authenticated data structures, generically},
	Volume = {49},
	Year = {2014}}

@unpublished{sidechainsformalization,
	Author = {Ga\v{z}i, Peter and Kiayias, Aggelos and Zindros, Dionysis},
	Note = {Unpublished manuscript},
	Title = {A Formal Treatment of Sidechains for Proof-of-Stake Blockchains},
	Year = {2018}}

@misc{wood2016polkadot,
	Author = {Wood, Gavin},
	Publisher = {Github},
	Title = {Polkadot: Vision for a heterogeneous multi-chain framework},
	Year = {2016}}

@article{ico,
	Author = {Teutsch, Jason and Buterin, Vitalik and Brown, Christopher},
	Journal = {Available at: \url{https://people.cs.uchicago.edu/~teutsch/papers/ico.pdf}},
	Title = {Interactive coin offerings},
	Urldate = {2017-11-16},
	Year = {2017}}

@article{miller2014anonymous,
	Author = {Miller, Andrew and LaViola Jr, Joseph J},
	Journal = {Available at: \url{http://nakamotoinstitute.org/research/anonymous-byzantine-consensus}},
	Title = {Anonymous byzantine consensus from moderately-hard puzzles: A model for bitcoin},
	Year = {2014}}

@phdthesis{buchman2016tendermint,
	Author = {Buchman, Ethan},
	Title = {Tendermint: Byzantine fault tolerance in the age of blockchains},
	Year = {2016}}

@article{herlihy2018atomic,
	Author = {Herlihy, Maurice},
	Journal = {arXiv preprint arXiv:1801.09515},
	Title = {Atomic cross-chain swaps},
	Year = {2018}}

@misc{atomicswaps,
	Author = {Nolan, Tier},
	Howpublished = {Available at: \url{https://bitcointalk.org/index.php?topic=193281.0}},
	Title = {Alt chains and atomic transfers},
	Url = {https://bitcointalk.org/index.php?topic=193281.0},
	Urldate = {2018-04-26},
	Year = {2013},
	Bdsk-Url-1 = {https://bitcointalk.org/index.php?topic=193281.0}}

@inproceedings{bitcoinng,
	Author = {Eyal, Ittay and Gencer, Adem Efe and Sirer, Emin G{\"u}n and Van Renesse, Robbert},
	Booktitle = {NSDI},
	Pages = {45--59},
	Title = {Bitcoin-NG: A Scalable Blockchain Protocol.},
	Year = {2016}}

@article{sompolinsky2013accelerating,
	Author = {Sompolinsky, Yonatan and Zohar, Aviv},
	Journal = {Fast Money Grows on Trees, Not Chains},
	Publisher = {Citeseer},
	Title = {Accelerating bitcoin's transaction processing},
	Year = {2013}}

@article{danezis2015centrally,
	Author = {Danezis, George and Meiklejohn, Sarah},
	Journal = {arXiv preprint arXiv:1505.06895},
	Title = {Centrally banked cryptocurrencies},
	Year = {2015}}

@inproceedings{popow,
	Author = {Kiayias, Aggelos and Lamprou, Nikolaos and Stouka, Aikaterini-Panagiota},
	Booktitle = {International Conference on Financial Cryptography and Data Security},
	Organization = {Springer},
	Pages = {61--78},
	Title = {Proofs of proofs of work with sublinear complexity},
	Year = {2016}}

@misc{erc20,
	Author = {Vogelsteller, Fabian and Buterin, Vitalik},
	Howpublished = {Available at: \url{https://github.com/ethereum/EIPs/blob/master/EIPS/eip-20.md}},
	Title = {ERC 20 token standard},
	Url = {https://github.com/ethereum/EIPs/blob/master/EIPS/eip-20.md},
	Urldate = {2018-04-28},
	Year = {2015},
	Bdsk-Url-1 = {https://github.com/ethereum/EIPs/blob/master/EIPS/eip-20.md}}

@inproceedings{blockstack,
	Author = {Ali, Muneeb and Nelson, Jude C and Shea, Ryan and Freedman, Michael J},
	Booktitle = {USENIX Annual Technical Conference},
	Pages = {181--194},
	Title = {Blockstack: A Global Naming and Storage System Secured by Blockchains.},
	Year = {2016}}

@misc{openzeppelin-erc20,
	Author = {Smart Contract Solutions, Inc},
	Howpublished = {Available at: \url{https://github.com/OpenZeppelin/openzeppelin-solidity/blob/v2.0.0-rc.1/contracts/token/ERC20/ERC20.sol}},
	Title = {OpenZeppelin crowdsale contract},
	Url = {https://github.com/OpenZeppelin/openzeppelin-solidity/blob/v2.0.0-rc.1/contracts/token/ERC20/ERC20.sol},
	Urldate = {2018-09-24},
	Year = 2017,
	Bdsk-Url-1 = {https://github.com/OpenZeppelin/openzeppelin-solidity/blob/v2.0.0-rc.1/contracts/token/ERC20/ERC20.sol}}

@misc{openzeppelin-crowdsale,
	Author = {Smart Contract Solutions, Inc},
	Howpublished = {Available at: \url{https://github.com/OpenZeppelin/openzeppelin-solidity/blob/v2.0.0-rc.1/contracts/crowdsale/Crowdsale.sol}},
	Title = {OpenZeppelin standard ERC20 token contract: Implementation of the basic standard token},
	Url = {https://github.com/OpenZeppelin/openzeppelin-solidity/blob/v2.0.0-rc.1/contracts/crowdsale/Crowdsale.sol},
	Urldate = {2018-09-24},
	Year = 2017,
	Bdsk-Url-1 = {https://github.com/OpenZeppelin/openzeppelin-solidity/blob/v2.0.0-rc.1/contracts/crowdsale/Crowdsale.sol}}

@article{pos-sidechains,
	Author = {Peter Ga{\v z}i and Aggelos Kiayias and Dionysis Zindros},
	Journal = {{IACR} Cryptology ePrint Archive},
	Title = {Proof-of-Stake Sidechains},
	Year = {2018}}

@misc{interledger,
	Author = {The Interledger Payments Community Group},
	Howpublished = {Available at: \url{https://interledger.org/rfcs/0027-interledger-protocol-4/draft-5.html}},
	Title = {Interledger Protocol V4},
	Url = {https://interledger.org/rfcs/0027-interledger-protocol-4/draft-5.html},
	Urldate = {2018-09-25},
	Bdsk-Url-1 = {https://interledger.org/rfcs/0027-interledger-protocol-4/draft-5.html}}

@article{poon2017plasma,
	Author = {Poon, Joseph and Buterin, Vitalik},
	Journal = {White paper},
	Title = {Plasma: Scalable autonomous smart contracts},
	Year = {2017}}

@article{zamyatinxclaim,
	Author = {Zamyatin, Alexei and Harz, Dominik and Lind, Joshua and Panayiotou, Panayiotis and Gervais, Arthur and Knottenbelt, William J},
	Title = {XCLAIM: Interoperability with Cryptocurrency-Backed Tokens}}

@techreport{khalil2018nocust,
	Author = {Khalil, Rami and Gervais, Arthur},
	Institution = {Cryptology ePrint Archive, Report 2018/642. https://eprint. iacr. org/2018/642},
	Title = {NOCUST--A Non-Custodial 2 nd-Layer Financial Intermediary},
	Year = {2018}}

@misc{comit,
	Author = {Hosp, Julian and Hoenisch, Toby and Kittiwongsunthorn, Paul},
	Howpublished = {Available at: \url{https://www.comit.network/doc/COMIT%20white%20paper%20v1.0.2.pdf}},
	Title = {COMIT: Cryptographically-secure Off-chain Multi-asset Instant Transaction network},
	Url = {https://www.comit.network/doc/COMIT%20white%20paper%20v1.0.2.pdf},
	Urldate = {2018-09-25},
	Year = {2017},
	Bdsk-Url-1 = {https://www.comit.network/doc/COMIT%20white%20paper%20v1.0.2.pdf}}

@techreport{wust2016ethereum,
	Author = {W{\"u}st, Karl and Gervais, Arthur},
	Institution = {ETH Zurich},
	Title = {Ethereum eclipse attacks},
	Year = {2016}}

@misc{paper-mining,
	Author = {Ken Shirriff},
	Howpublished = {Available at: \url{http://www.righto.com/2014/09/mining-bitcoin-with-pencil-and-paper.html}},
	Title = {Mining Bitcoin with pencil and paper: 0.67 hashes per day},
	Url = {http://www.righto.com/2014/09/mining-bitcoin-with-pencil-and-paper.html},
	Urldate = {2018-12-25},
	Year = {2014},
	Bdsk-Url-1 = {http://www.righto.com/2014/09/mining-bitcoin-with-pencil-and-paper.html}}

@misc{decred,
	Author = {The Decred Developers},
	Howpublished = {Available at: \url{https://docs.decred.org/}},
	Title = {Decred Documentation},
	Url = {https://docs.decred.org/},
	Urldate = {2019-01-10},
	Year = {2016},
	Bdsk-Url-1 = {https://docs.decred.org/}}

@inproceedings{pass,
	Author = {Pass, Rafael and Seeman, Lior and Shelat, Abhi},
	Booktitle = {Annual International Conference on the Theory and Applications of Cryptographic Techniques},
	Organization = {Springer},
	Pages = {643--673},
	Title = {Analysis of the blockchain protocol in asynchronous networks},
	Year = {2017}}

@article{selfish,
	Author = {Eyal, Ittay and Sirer, Emin G{\"u}n},
	Journal = {Communications of the ACM},
	Number = {7},
	Pages = {95--102},
	Publisher = {ACM},
	Title = {Majority is not enough: Bitcoin mining is vulnerable},
	Volume = {61},
	Year = {2018}}

@inproceedings{tselekounis-kiayias,
	Author = {Kiayias, Aggelos and Koutsoupias, Elias and Kyropoulou, Maria and Tselekounis, Yiannis},
	Booktitle = {Proceedings of the 2016 ACM Conference on Economics and Computation},
	Organization = {ACM},
	Pages = {365--382},
	Title = {Blockchain mining games},
	Year = {2016}}

@inproceedings{fruitchains,
	Author = {Pass, Rafael and Shi, Elaine},
	Booktitle = {Proceedings of the ACM Symposium on Principles of Distributed Computing},
	Organization = {ACM},
	Pages = {315--324},
	Title = {Fruitchains: A fair blockchain},
	Year = {2017}}

@inproceedings{alwen2017depth,
	Author = {Alwen, Jo{\"e}l and Blocki, Jeremiah and Pietrzak, Krzysztof},
	Booktitle = {Annual International Conference on the Theory and Applications of Cryptographic Techniques},
	Organization = {Springer},
	Pages = {3--32},
	Title = {Depth-robust graphs and their cumulative memory complexity},
	Year = {2017}}

@inproceedings{biryukov2016egalitarian,
	Author = {Biryukov, Alex and Khovratovich, Dmitry},
	Booktitle = {USENIX Security Symposium},
	Pages = {315--326},
	Title = {Egalitarian Computing.},
	Year = {2016}}

@inproceedings{equitability,
	Author = {Fanti, Giulia and Kogan, Leonid and Oh, Sewoong and Ruan, Kathleen and Viswanath, Pramod and Wang, Gerui},
	Booktitle = {International Conference on Financial Cryptography and Data Security},
	Organization = {Springer},
	Title = {Compounding of Wealth in Proof-of-Stake Cryptocurrencies},
	Year = {2019}}

@inproceedings{pass2017analysis,
	Author = {Pass, Rafael and Seeman, Lior and Shelat, Abhi},
	Booktitle = {Annual International Conference on the Theory and Applications of Cryptographic Techniques},
	Organization = {Springer},
	Pages = {643--673},
	Title = {Analysis of the blockchain protocol in asynchronous networks},
	Year = {2017}}

@misc{bkks2018,
	Author = {Lars Br\"unjes and Aggelos Kiayias and Elias Koutsoupias and Aikaterini-Panagiota Stouka},
	Date-Added = {2018-08-05 08:14:11 +0000},
	Date-Modified = {2018-08-07 09:48:36 +0000},
	Howpublished = {Computer Science and Game Theory (cs.GT) arXiv:1807.11218},
	Title = {Reward Sharing Schemes for Stake Pools},
	Year = {2018}}

@inproceedings{kiayias2016blockchain,
	Author = {Kiayias, Aggelos and Koutsoupias, Elias and Kyropoulou, Maria and Tselekounis, Yiannis},
	Booktitle = {Proceedings of the 2016 ACM Conference on Economics and Computation},
	Organization = {ACM},
	Pages = {365--382},
	Title = {Blockchain mining games},
	Year = {2016}}

@article{buterin2017casper,
	Author = {Buterin, Vitalik and Griffith, Virgil},
	Journal = {arXiv preprint arXiv:1710.09437},
	Title = {Casper the friendly finality gadget},
	Year = {2017}}

@misc{bitcoin,
	Author = {Nakamoto, Satoshi},
	Howpublished = {Available at: \url{https://bitcoin.org/bitcoin.pdf}},
	Title = {Bitcoin: A peer-to-peer electronic cash system},
	Url = {https://bitcoin.org/bitcoin.pdf},
	Year = {2008},
	Bdsk-Url-1 = {https://bitcoin.org/bitcoin.pdf}}

@misc{lee2011litecoin,
	Author = {Lee, Charles},
	Title = {Litecoin},
	Year = {2011}}

@article{wood2014ethereum,
	Author = {Wood, Gavin},
	Journal = {Ethereum project yellow paper},
	Pages = {1--32},
	Title = {Ethereum: A secure decentralised generalised transaction ledger},
	Volume = {151},
	Year = {2014}}

@misc{van2013cryptonote,
	Author = {Van Saberhagen, Nicolas},
	Howpublished = {Available at: \url{https://cryptonote.org/whitepaper.pdf}},
	Title = {CryptoNote v2.0},
	Url = {https://cryptonote.org/whitepaper.pdf},
	Urldate = {2018-04-26},
	Year = {2013},
	Bdsk-Url-1 = {https://cryptonote.org/whitepaper.pdf}}

@article{mcmillan2013,
	Author = {McMillan, Robert},
	Howpublished = {Available at: \url{https://www.wired.com/2013/08/litecoin/}},
	Journal = {WIRED},
	Month = {Aug},
	Title = {Ex-Googler Gives the World a Better Bitcoin},
	Url = {https://www.wired.com/2013/08/litecoin/},
	Urldate = {2019-01-13},
	Year = {2013},
	Bdsk-Url-1 = {https://www.wired.com/2013/08/litecoin/}}

@article{kharif2018,
	Author = {Olga Kharif},
	Howpublished = {Available at: \url{https://www.bloomberg.com/news/articles/2018-04-18/bitcoin-miners-facing-a-shakeout-as-profitability-becomes-harder}},
	Journal = {Bloomberg},
	Month = {Apr},
	Title = {Many Bitcoin Miners Are at Risk of Turning Unprofitable},
	Url = {https://www.bloomberg.com/news/articles/2018-04-18/bitcoin-miners-facing-a-shakeout-as-profitability-becomes-harder},
	Urldate = {2019-01-13},
	Year = {2018},
	Bdsk-Url-1 = {https://www.bloomberg.com/news/articles/2018-04-18/bitcoin-miners-facing-a-shakeout-as-profitability-becomes-harder}}

@article{mathews1896partition,
	Author = {Mathews, George B},
	Journal = {Proceedings of the London Mathematical Society},
	Number = {1},
	Pages = {486--490},
	Publisher = {Wiley Online Library},
	Title = {On the partition of numbers},
	Volume = {1},
	Year = {1896}}

@inproceedings{douceur2002sybil,
	Author = {Douceur, John R},
	Booktitle = {International workshop on peer-to-peer systems},
	Organization = {Springer},
	Pages = {251--260},
	Title = {The sybil attack},
	Year = {2002}}

@misc{monero-hard-asic,
	Author = {dEBRYUNE and dnaleor},
	Howpublished = {Available at: \url{https://www.getmonero.org/2018/02/11/PoW-change-and-key-reuse.html}},
	Month = {Feb},
	Title = {PoW change and key reuse},
	Url = {https://www.getmonero.org/2018/02/11/PoW-change-and-key-reuse.html},
	Year = {2018},
	Bdsk-Url-1 = {https://www.getmonero.org/2018/02/11/PoW-change-and-key-reuse.html}}

@incollection{karp1972reducibility,
	Author = {Karp, Richard M},
	Booktitle = {Complexity of computer computations},
	Pages = {85--103},
	Publisher = {Springer},
	Title = {Reducibility among combinatorial problems},
	Year = {1972}}

@article{buterin,
	Author = {Buterin, Vitalik and others},
	Journal = {white paper},
	Title = {A next-generation smart contract and decentralized application platform},
	Year = {2014}}

@inproceedings{taylor2013bitcoin,
	Author = {Taylor, Michael Bedford},
	Booktitle = {Proceedings of the 2013 International Conference on Compilers, Architectures and Synthesis for Embedded Systems},
	Organization = {IEEE Press},
	Pages = {16},
	Title = {Bitcoin and the age of bespoke silicon},
	Year = {2013}}

@misc{eos,
	Author = {Daniel Larimer and the EOS developers},
	Howpublished = {Available at: \url{https://github.com/EOSIO/Documentation/commits/master/TechnicalWhitePaper.md}},
	Title = {EOS.IO Technical White Paper v2},
	Url = {https://github.com/EOSIO/Documentation/commits/master/TechnicalWhitePaper.md},
	Urldate = {2019-01-31},
	Year = {2017},
	Bdsk-Url-1 = {https://github.com/EOSIO/Documentation/commits/master/TechnicalWhitePaper.md}}

@techreport{percival2016scrypt,
	Author = {Percival, Colin and Josefsson, Simon},
	Title = {The scrypt password-based key derivation function},
	Year = {2016}}

@techreport{energy-cost,
	Author = {U.S. Energy Information Administration},
	Howpublished = {Available at: \url{https://www.eia.gov/electricity/monthly/current_month/epm.pdf}},
	Month = {Jan},
	Title = {Electric Power Monthly with Data for November 2018},
	Url = {https://www.eia.gov/electricity/monthly/current_month/epm.pdf},
	Urldate = {2019-01-31},
	Year = {2019},
	Bdsk-Url-1 = {https://www.eia.gov/electricity/monthly/current_month/epm.pdf}}
